<?xml version="1.0" encoding="UTF-8"?><collection xmlns="http://www.loc.gov/MARC21/slim"><record><leader>00464nam--2200169-i-4500</leader><controlfield tag="001">000047676</controlfield><controlfield tag="002">20161230</controlfield><controlfield tag="005">20170118192113</controlfield><controlfield tag="008">060222s1000------------r-----000-0-eng-d</controlfield><datafield ind1=" " ind2=" " tag="040"><subfield code="a">IFIN-HH</subfield></datafield><datafield ind1=" " ind2=" " tag="080"><subfield code="a">539.1.073.2</subfield></datafield><datafield ind1="1" ind2=" " tag="100"><subfield code="a">Wilson, J. G</subfield></datafield><datafield ind1="1" ind2="0" tag="245"><subfield code="a">The principles of cloud-chamber technique</subfield><subfield code="c">J.G. Wilson</subfield></datafield><datafield ind1=" " ind2=" " tag="260"><subfield code="a">Cambridge</subfield><subfield code="b">University Press</subfield><subfield code="c">1951</subfield></datafield><datafield ind1=" " ind2=" " tag="300"><subfield code="a">IX+131p.Cu ilustr</subfield></datafield><datafield ind1=" " ind2=" " tag="852"><subfield code="a">10075</subfield><subfield code="c">539.1.07:539.1.08</subfield></datafield><datafield ind1=" " ind2=" " tag="CAT"><subfield code="a">SYS</subfield><subfield code="c">20170118</subfield><subfield code="h">192113</subfield></datafield></record></collection>